<?xml version="1.0" encoding="UTF-8"?>
<record xmlns="http://www.loc.gov/MARC21/slim" xmlns:xsi="http://www.w3.org/2001/XMLSchema-instance" xsi:schemaLocation="http://www.loc.gov/MARC21/slim http://www.loc.gov/standards/marcxml/schema/MARC21slim.xsd">
<leader>     cam a22001930  4500</leader>
<controlfield tag="001">002744130</controlfield>
<controlfield tag="003">NNU</controlfield>
<controlfield tag="005">19940713181853.0</controlfield>
<controlfield tag="008">860310s1952    le            000 1 ara d</controlfield>
<datafield tag="035" ind1="9" ind2=" ">
<subfield code="a">NYUb10443326</subfield>
</datafield>
<datafield tag="035" ind1=" " ind2=" ">
<subfield code="a">GLIS004433262</subfield>
</datafield>
<datafield tag="035" ind1=" " ind2=" ">
<subfield code="a">(CStRLIN)NYUG86-B7938</subfield>
</datafield>
<datafield tag="040" ind1=" " ind2=" ">
<subfield code="a">NNU</subfield>
<subfield code="c">NNU</subfield>
</datafield>
<datafield tag="090" ind1=" " ind2=" ">
<subfield code="i">07/25/86 CT</subfield>
<subfield code="h">03/27/86 T</subfield>
<subfield code="h">03/11/86 CT</subfield>
<subfield code="h">03/10/86 CT</subfield>
</datafield>
<datafield tag="100" ind1="1" ind2=" ">
<subfield code="a">Laḥḥūd, Adīb.</subfield>
</datafield>
<datafield tag="245" ind1="1" ind2="0">
<subfield code="a">Bishr ibn ʻAwānah :</subfield>
<subfield code="b">tamthīlīyah tārīkhīyah dhāt arbaʻat fuṣūl /</subfield>
<subfield code="c">Adīb Laḥḥūd.</subfield>
</datafield>
<datafield tag="260" ind1=" " ind2=" ">
<subfield code="a">Bayrūt :</subfield>
<subfield code="b">Maktabat Ṣādir,</subfield>
<subfield code="c">1952.</subfield>
</datafield>
<datafield tag="300" ind1=" " ind2=" ">
<subfield code="a">77 p. ;</subfield>
<subfield code="c">20 cm.</subfield>
</datafield>
<datafield tag="OWN" ind1=" " ind2=" ">
<subfield code="a">GENERAL</subfield>
</datafield>
<datafield tag="950" ind1=" " ind2=" ">
<subfield code="l">BMAIN</subfield>
<subfield code="a">PJ7844.A43</subfield>
<subfield code="b">B5 1952</subfield>
<subfield code="i">07/25/86 C</subfield>
<subfield code="h">03/10/86 C</subfield>
</datafield>
<datafield tag="955" ind1=" " ind2=" ">
<subfield code="l">BMAIN</subfield>
<subfield code="c">1</subfield>
<subfield code="r">011726190</subfield>
<subfield code="h">03/10/86 C</subfield>
</datafield>
<datafield tag="AVA" ind1=" " ind2=" ">
<subfield code="a">NYU50</subfield>
<subfield code="b">BOBST</subfield>
<subfield code="c">Main Collection</subfield>
<subfield code="d">PJ7844.A43 B5 1952</subfield>
<subfield code="e">unavailable</subfield>
<subfield code="t">Unavailable</subfield>
<subfield code="f">1</subfield>
<subfield code="g">1</subfield>
<subfield code="h">N</subfield>
<subfield code="i">0</subfield>
<subfield code="j">MAIN</subfield>
<subfield code="k">0</subfield>
</datafield>
</record>
